<?xml version="1.0" encoding="UTF-8"?><collection xmlns="http://www.loc.gov/MARC21/slim"><record><leader>00456nam--2200133-i-4500</leader><controlfield tag="001">000047082</controlfield><controlfield tag="002">20161230</controlfield><controlfield tag="005">20161230201046</controlfield><controlfield tag="008">060222s1000------------r-----000-0-eng-d</controlfield><datafield ind1=" " ind2=" " tag="080"><subfield code="a">015:539.125.5:620.179.15:621.384.6</subfield></datafield><datafield ind1=" " ind2=" " tag="100"><subfield code="a">Vu Hong,Lac</subfield></datafield><datafield ind1=" " ind2=" " tag="245"><subfield code="a">Etude des conditions optimales d`emploi des acceleraterus d`ions utilisant la reaction (d,t) en radiographie par neutrons.. these</subfield></datafield><datafield ind1=" " ind2=" " tag="260"><subfield code="a">Grenoble, Faculte Des Sc.,1971. 95 P.+87fig</subfield></datafield><datafield ind1=" " ind2=" " tag="852"><subfield code="a">38208</subfield></datafield></record></collection>